% This file was created with JabRef 2.7.2.
% Encoding: Cp1252

@MISC{maze,
  author = {Walter D. Pullen},
  title = {Maze Solving Algorithms},
  howpublished = {\url{http://www.astrolog.org/labyrnth/algrithm.htm#solve}},
  month = {Janeiro},
  year = {2011},
  owner = {Fernando1},
  timestamp = {2012.03.03}
}

@MISC{regraMao,
  author = {Richard T. Vannoy},
  title = {Teaching a Robot to Solve a Line Maze},
  howpublished = {\url{http://www.pololu.com/file/download/line-maze-algorithm.pdf?file_id=0J195}},
  month = {Abril},
  year = {2009},
  owner = {Fernando1},
  timestamp = {2012.03.03}
}

@comment{jabref-meta: selector_review:}

@comment{jabref-meta: selector_publisher:}

@comment{jabref-meta: selector_author:}

@comment{jabref-meta: selector_journal:}

@comment{jabref-meta: selector_keywords:}

